@inproceedings{VISEM,
  author    = {Haugen, Trine B. and Hicks, Steven A. and Andersen, Jorunn M. and Witczak, Oliwia and Hammer, Hugo L. and Borgli, Hanna and Halvorsen, P{\aa}l and Riegler, Michael A.},
  title     = {VISEM: A Multimodal Video Dataset of Human Spermatozoa},
  booktitle = {Proceedings of the 10th ACM on Multimedia Systems Conference},
  series    = {MMSys'19},
  year      = {2019},
  isbn      = {78-1-4503-6297-9},
  location  = {Amherst, MA, USA},
  url       = {http://doi.acm.org/10.1145/3304109.3325814},
  doi       = {10.1145/3304109.3325814},
  publisher = {ACM},
  address   = {New York, NY, USA}
}
@inproceedings{VIRAT,
  author    = {Oh, Sangmin and Hoogs, Anthony and Perera, Amitha and Cuntoor, Naresh and Chen, Chia-Chih and Lee, Jong Taek and Mukherjee, Saurajit and Aggarwal, J. K. and Lee, Hyungtae and Davis, Larry and Swears, Eran and Wang, Xioyang and Ji, Qiang and Reddy, Kishore and Shah, Mubarak and Vondrick, Carl and Pirsiavash, Hamed and Ramanan, Deva and Yuen, Jenny and Torralba, Antonio and Song, Bi and Fong, Anesco and Roy-Chowdhury, Amit and Desai, Mita},
  booktitle = {CVPR 2011},
  title     = {A large-scale benchmark dataset for event recognition in surveillance video},
  year      = {2011},
  volume    = {},
  number    = {},
  pages     = {3153-3160},
  doi       = {10.1109/CVPR.2011.5995586}
}