@misc{us_video_stats,
  title  = {U.S. Video Surveillance Market by Component (Solution, Service, and Connectivity Technology), Application (Commercial, Military \& Defense, Infrastructure, Residential, and Others), and Customer Type (B2B and B2C): Opportunity Analysis and Industry Forecast, 2020–2027},
  author = {Divyanshi Tewari},
  year   = {2019},
  month  = {3},
  url    = {https://www.alliedmarketresearch.com/us-video-surveillance-market-A06741}
}
@misc{deep_learning_surveillance_stats,
  author = {Web of Science},
  url    = {https://www.webofscience.com/wos/woscc/summary/f6ae0ce5-4319-416f-ab92-08d042bc3871-21874d31/relevance/1},
  year   = {2022},
  month  = {01}
}
@misc{github_contrib,
  author = {Vladimir Monakhov},
  title  = {SP Topology is weird when input width and height are different},
  year   = {2021},
  month  = {11},
  dat    = {18},
  url    = {https://github.com/htm-community/htm.core/issues/961}
}
@inproceedings{htm_zeta1,
  title  = {Hierarchical Temporal Memory Concepts, Theory, and Terminology},
  author = {Jeff Hawkins and Dileep George},
  year   = {2006}
}
@misc{htm_gen2_sp,
  author = {Cui, Yuwei and Ahmad, Subutai and Hawkins, Jeff},
  year   = {2017},
  month  = {02},
  pages  = {},
  title  = {The HTM Spatial Pooler – a neocortical algorithm for online sparse distributed coding},
  doi    = {10.1101/085035}
}
@article{htm_gen2_tm,
  author  = {Hawkins, Jeff and Ahmad, Subutai},
  year    = {2015},
  month   = {10},
  pages   = {},
  title   = {Why Neurons Have Thousands of Synapses, A Theory of Sequence Memory in Neocortex},
  volume  = {10},
  journal = {Frontiers in Neural Circuits},
  doi     = {10.3389/fncir.2016.00023}
}
@article{htm_gen3,
  author  = {Hawkins, Jeff and Ahmad, Subutai and Cui, Yuwei},
  title   = {A Theory of How Columns in the Neocortex Enable Learning the Structure of the World},
  journal = {Frontiers in Neural Circuits},
  volume  = {11},
  year    = {2017},
  url     = {https://www.frontiersin.org/article/10.3389/fncir.2017.00081},
  doi     = {10.3389/fncir.2017.00081},
  issn    = {1662-5110}
}