@inproceedings{orb_detector,
  author    = {Rublee, Ethan and Rabaud, Vincent and Konolige, Kurt and Bradski, Gary},
  booktitle = {2011 International Conference on Computer Vision},
  title     = {ORB: An efficient alternative to SIFT or SURF},
  year      = {2011},
  volume    = {},
  number    = {},
  pages     = {2564-2571},
  doi       = {10.1109/ICCV.2011.6126544}
}