@misc{us_video_stats,
  title  = {U.S. Video Surveillance Market by Component (Solution, Service, and Connectivity Technology), Application (Commercial, Military \& Defense, Infrastructure, Residential, and Others), and Customer Type (B2B and B2C): Opportunity Analysis and Industry Forecast, 2020â€“2027},
  author = {Divyanshi Tewari},
  year   = {2019},
  month  = {3},
  url    = {https://www.alliedmarketresearch.com/us-video-surveillance-market-A06741}
}
@misc{deep_learning_surveillance_stats,
  author = {Web of Science},
  url    = {https://www.webofscience.com/wos/woscc/summary/f6ae0ce5-4319-416f-ab92-08d042bc3871-21874d31/relevance/1},
  year   = {2022},
  month  = {01}
}
