@inproceedings{VIRAT,
  author    = {Oh, Sangmin and Hoogs, Anthony and Perera, Amitha and Cuntoor, Naresh and Chen, Chia-Chih and Lee, Jong Taek and Mukherjee, Saurajit and Aggarwal, J. K. and Lee, Hyungtae and Davis, Larry and Swears, Eran and Wang, Xioyang and Ji, Qiang and Reddy, Kishore and Shah, Mubarak and Vondrick, Carl and Pirsiavash, Hamed and Ramanan, Deva and Yuen, Jenny and Torralba, Antonio and Song, Bi and Fong, Anesco and Roy-Chowdhury, Amit and Desai, Mita},
  booktitle = {CVPR 2011},
  title     = {A large-scale benchmark dataset for event recognition in surveillance video},
  year      = {2011},
  volume    = {},
  number    = {},
  pages     = {3153-3160},
  doi       = {10.1109/CVPR.2011.5995586}
}